<?xml version="1.0" encoding="UTF-8"?><record xmlns="http://www.loc.gov/MARC21/slim" xmlns:cinclude="http://apache.org/cocoon/include/1.0" xmlns:zs="http://www.loc.gov/zing/srw/">
  <leader>00423nz  a2200133n  4500</leader>
  <controlfield tag="001">n  85241742 </controlfield>
  <controlfield tag="003">DLC</controlfield>
  <controlfield tag="005">19860827060800.0</controlfield>
  <controlfield tag="008">860708n| acannaab|          |a aaa |||  </controlfield>
  <datafield tag="010" ind1=" " ind2=" ">
    <subfield code="a">n  85241742 </subfield>
  </datafield>
  <datafield tag="040" ind1=" " ind2=" ">
    <subfield code="a">DLC</subfield>
    <subfield code="c">DLC</subfield>
  </datafield>
  <datafield tag="100" ind1="1" ind2="0">
    <subfield code="a">Melʹnik, V. M.</subfield>
    <subfield code="q">(Vasiliĭ Makarovich)</subfield>
  </datafield>
  <datafield tag="400" ind1="1" ind2="0">
    <subfield code="a">Melʹnik, Vasiliĭ Makarovich</subfield>
  </datafield>
  <datafield tag="670" ind1=" " ind2=" ">
    <subfield code="a">His Kukhni︠a︡ narodov SSSR, 1982:</subfield>
    <subfield code="b">t.p. (V.M. Melʹnik) colophon (Vasiliĭ Makarovich Melʹnik)</subfield>
  </datafield>
</record>